<?xml version="1.0" encoding="UTF-8"?><collection xmlns="http://www.loc.gov/MARC21/slim"><record><leader>00425nam--2200145-i-4500</leader><controlfield tag="001">000003318</controlfield><controlfield tag="002">20161230</controlfield><controlfield tag="005">20170304181025</controlfield><controlfield tag="008">060222s1000------------r-----000-0-eng-d</controlfield><datafield ind1=" " ind2=" " tag="100"><subfield code="a">Cerny, Karel</subfield></datafield><datafield ind1=" " ind2=" " tag="245"><subfield code="a">Contribution a la theorie des approximations diophantiques simultanees</subfield></datafield><datafield ind1=" " ind2=" " tag="260"><subfield code="a">Praha</subfield><subfield code="b">F.Rivnac</subfield><subfield code="c">1948</subfield></datafield><datafield ind1=" " ind2=" " tag="300"><subfield code="a">28 p</subfield></datafield><datafield ind1=" " ind2=" " tag="490"><subfield code="a">Acta Facultatis Rerum Naturalium Universitatis</subfield></datafield><datafield ind1=" " ind2=" " tag="CAT"><subfield code="a">SYS</subfield><subfield code="c">20170304</subfield><subfield code="h">181025</subfield></datafield></record></collection>